<record><leader>00000cas a2200000 a 4500</leader><controlfield tag="001">11586384</controlfield><controlfield tag="008">850116d18921894ksudr ne      0   a0eng d</controlfield><datafield ind1=" " ind2=" " tag="010"><subfield code="a">sn 84030485 </subfield></datafield><datafield ind1=" " ind2=" " tag="040"><subfield code="a">KSH</subfield><subfield code="b">eng</subfield><subfield code="c">KSH</subfield><subfield code="d">NPT</subfield><subfield code="d">OCL</subfield><subfield code="d">OCLCQ</subfield></datafield><datafield ind1=" " ind2=" " tag="042"><subfield code="a">msc</subfield></datafield><datafield ind1="0" ind2="0" tag="245"><subfield code="a">Newton daily Kansan.</subfield></datafield><datafield ind1=" " ind2=" " tag="260"><subfield code="a">Newton, Kan. :</subfield><subfield code="b">Chas. H. Kurtz,</subfield><subfield code="c">1892-1894.</subfield></datafield><datafield ind1=" " ind2=" " tag="300"><subfield code="a">2 v. :</subfield><subfield code="b">ill. ;</subfield><subfield code="c">60 cm.</subfield></datafield><datafield ind1=" " ind2=" " tag="310"><subfield code="a">Daily (except Sunday)</subfield></datafield><datafield ind1="0" ind2=" " tag="362"><subfield code="a">No. 683 (Mar. 7, 1892)-no. 1227 (Jan. 12, 1894).</subfield></datafield><datafield ind1=" " ind2=" " tag="500"><subfield code="a">Published by James Kelley &amp; Co., Nov. 6, 1893-Jan. 12, 1894.</subfield></datafield><datafield ind1=" " ind2=" " tag="515"><subfield code="a">Suspended with Oct. 2, 1893 issue; resumed with Nov. 6, 1893 issue.</subfield></datafield><datafield ind1=" " ind2=" " tag="580"><subfield code="a">Issued also in a weekly edition called: Newton Kansan (Newton, Kan. : 1872).</subfield></datafield><datafield ind1=" " ind2=" " tag="752"><subfield code="a">United States</subfield><subfield code="b">Kansas</subfield><subfield code="c">Harvey</subfield><subfield code="d">Newton.</subfield></datafield><datafield ind1="1" ind2=" " tag="775"><subfield code="t">Newton Kansan (Newton, Kan. : 1872)</subfield><subfield code="w">(DLC)sn 84027649</subfield></datafield><datafield ind1="0" ind2="0" tag="780"><subfield code="t">Newton evening Kansan</subfield><subfield code="w">(DLC)sn 84030484</subfield></datafield><datafield ind1="0" ind2="0" tag="785"><subfield code="t">Evening Kansan</subfield><subfield code="w">(DLC)sn 84030476</subfield></datafield></record>